602 791
50 50 551 77 Lorem ipsum dolor sit amet, consectetur
50 83 549 114 adipiscing elit. Pellentesque interdum
50 119 548 147 eu libero at tincidunt. Vestibulum ante
50 153 549 183 ipsum primis in faucibus orci luctus et
50 189 550 218 ultrices posuere cubilia Curae; Sed
50 223 550 255 vitae ullamcorper ligula. Curabitur at
50 261 548 290 quam malesuada, pellentesque augue ut,
50 296 550 326 accumsan lectus. Integer eu ligula erat.
50 332 549 361 Class aptent taciti sociosqu ad litora
50 366 550 397 torquent per conubia nostra, per inceptos
50 404 549 432 himenaeos. Ut elementum hendrerit
50 437 356 463 risus accumsan molestie.
50 468 549 499 Curabitur eget massa ac purus porta
50 505 548 536 mollis quis vel justo. Duis lorem lorem,
50 542 550 568 tincidunt ac elementum a, convallis sit
50 574 549 604 amet eros. Vivamus laoreet magna elit,
50 610 550 638 vel elementum lacus tempor non.
50 643 551 672 Suspendisse faucibus maximus porta.
50 677 550 704 Fusce accumsan condimentum enim nec
50 710 549 740 rhoncus. Sed et turpis quis massa congue
